<?xml version="1.0" encoding="UTF-8"?><collection xmlns="http://www.loc.gov/MARC21/slim"><record><leader>00517nam--2200181-i-4500</leader><controlfield tag="001">000021247</controlfield><controlfield tag="002">20161230</controlfield><controlfield tag="005">20170115231600</controlfield><controlfield tag="008">060222s1000------------r-----000-0-eng-d</controlfield><datafield ind1=" " ind2=" " tag="040"><subfield code="a">IFIN-HH</subfield></datafield><datafield ind1=" " ind2=" " tag="080"><subfield code="a">539</subfield></datafield><datafield ind1="1" ind2=" " tag="100"><subfield code="a">Segre, E</subfield></datafield><datafield ind1="1" ind2="0" tag="245"><subfield code="a">Experimental nuclear physics</subfield><subfield code="b">Volume III</subfield><subfield code="c">E. Segre (ed.) G.C. Hanna, M.Deutsch, O.Kofoed-Hansen, E.M. McMillan</subfield></datafield><datafield ind1=" " ind2=" " tag="260"><subfield code="a">New York</subfield><subfield code="b">John Wiley &amp; Sons, Inc</subfield><subfield code="c">1959</subfield></datafield><datafield ind1=" " ind2=" " tag="300"><subfield code="a">811 p</subfield></datafield><datafield ind1="1" ind2=" " tag="700"><subfield code="a">Mcmillan, E.M</subfield></datafield><datafield ind1=" " ind2=" " tag="852"><subfield code="a">12867</subfield><subfield code="c">539</subfield></datafield><datafield ind1=" " ind2=" " tag="CAT"><subfield code="a">SYS</subfield><subfield code="c">20170115</subfield><subfield code="h">231600</subfield></datafield></record></collection>